%YAML 1.1
%TAG !u! tag:unity3d.com,2011:
--- !u!1 &135654
GameObject:
  m_ObjectHideFlags: 0
  m_PrefabParentObject: {fileID: 0}
  m_PrefabInternal: {fileID: 100100000}
  serializedVersion: 4
  m_Component:
  - 4: {fileID: 423248}
  - 114: {fileID: 11405954}
  - 114: {fileID: 11469032}
  m_Layer: 0
  m_Name: Game Controller
  m_TagString: Untagged
  m_Icon: {fileID: 0}
  m_NavMeshLayer: 0
  m_StaticEditorFlags: 0
  m_IsActive: 1
--- !u!4 &423248
Transform:
  m_ObjectHideFlags: 1
  m_PrefabParentObject: {fileID: 0}
  m_PrefabInternal: {fileID: 100100000}
  m_GameObject: {fileID: 135654}
  m_LocalRotation: {x: 0, y: 0, z: 0, w: 1}
  m_LocalPosition: {x: 0, y: 0, z: 0}
  m_LocalScale: {x: 1, y: 1, z: 1}
  m_Children: []
  m_Father: {fileID: 0}
  m_RootOrder: 0
--- !u!114 &11405954
MonoBehaviour:
  m_ObjectHideFlags: 1
  m_PrefabParentObject: {fileID: 0}
  m_PrefabInternal: {fileID: 100100000}
  m_GameObject: {fileID: 135654}
  m_Enabled: 1
  m_EditorHideFlags: 0
  m_Script: {fileID: 11500000, guid: 1234ce7938ac71c43a2d942fd0ee0f6b, type: 3}
  m_Name: 
  m_EditorClassIdentifier: 
  isPlayerTurn: 0
  areEnemiesMoving: 0
  playerCurrentHealth: 50
  gameOverSound: {fileID: 8300000, guid: bbdad7cac71eab54fb165d6131d31772, type: 3}
  MainCanvas: {fileID: 0}
  LevelText: {fileID: 0}
--- !u!114 &11469032
MonoBehaviour:
  m_ObjectHideFlags: 1
  m_PrefabParentObject: {fileID: 0}
  m_PrefabInternal: {fileID: 100100000}
  m_GameObject: {fileID: 135654}
  m_Enabled: 1
  m_EditorHideFlags: 0
  m_Script: {fileID: 11500000, guid: f4542021f5ba78348aadfa939d4fc26f, type: 3}
  m_Name: 
  m_EditorClassIdentifier: 
  columns: 10
  rows: 10
  floors:
  - {fileID: 178214, guid: 45024a5822921574cb3cd99661e329f6, type: 2}
  - {fileID: 121158, guid: 94f858a4f6eb4584688359fc0ea623db, type: 2}
  - {fileID: 172502, guid: aeea360fdf5ac974cab7ba86df4a120e, type: 2}
  - {fileID: 105216, guid: 8965efe5311b0bb4b818b673248379d6, type: 2}
  - {fileID: 135826, guid: d3dc19bd9c727e9429639e6a8279000c, type: 2}
  - {fileID: 163912, guid: 1f0a6db410949e2479c102d9823f8ded, type: 2}
  - {fileID: 128262, guid: 078425f6107e1264b940689604e92481, type: 2}
  - {fileID: 116152, guid: 3e3565a3376cf6d469313e84a81028de, type: 2}
  outerWalls:
  - {fileID: 104152, guid: bf473dae5c4b91e4eb4409994c089e01, type: 2}
  - {fileID: 143338, guid: 31456961c62383b4885b15e45a713fff, type: 2}
  - {fileID: 151434, guid: 8523339a1347c0343850fc9278802e8a, type: 2}
  wallObstacles:
  - {fileID: 131636, guid: 480c3bba3866eff4780255c586354fec, type: 2}
  - {fileID: 199276, guid: 80b5dc0f411de9a419156b0c6d4b2885, type: 2}
  - {fileID: 189704, guid: 389c90d5826eb2144944f3cfba42cbf4, type: 2}
  - {fileID: 173222, guid: d1bf993d320a1e5418f716fda8c33802, type: 2}
  - {fileID: 122660, guid: eb6e4c9fb8f452f47a0ca2d9ee6fa0de, type: 2}
  - {fileID: 120142, guid: 5890cee9ced48c246850d92d017b539e, type: 2}
  - {fileID: 160696, guid: 357b70c5f9e31fb479d7f4d761994cb2, type: 2}
  - {fileID: 152720, guid: f5f0362c0f5e7be449d5d44f8dfd930e, type: 2}
  foodItems:
  - {fileID: 101456, guid: e3523a5cc73966e428774df36460f6d3, type: 2}
  - {fileID: 194104, guid: f53f46a7bca640b4e9d01753960c1976, type: 2}
  bearTrap:
  - {fileID: 160074, guid: 794bfcce0f44a05449c0c8125e1ec4bc, type: 2}
  enemies:
  - {fileID: 149476, guid: 588456f09a76e84409e4b228c402900c, type: 2}
  - {fileID: 101856, guid: 19a5280cf2751054ca795878008d8c4f, type: 2}
  - {fileID: 113682, guid: 3d0e08eba2678434a883d72a2c220f18, type: 2}
  exit: {fileID: 121640, guid: 626b0c315177a194792f7cf4fe99f62e, type: 2}
--- !u!1001 &100100000
Prefab:
  m_ObjectHideFlags: 1
  serializedVersion: 2
  m_Modification:
    m_TransformParent: {fileID: 0}
    m_Modifications: []
    m_RemovedComponents: []
  m_ParentPrefab: {fileID: 0}
  m_RootGameObject: {fileID: 135654}
  m_IsPrefabParent: 1
